@online{CodeOrg,
  Author = {Code.org},
  Title = {Code.org},
  Url = {https://code.org/}
}

@online{ProgrammaIlFuturo,
  Author = {Programma Il Futuro},
  Title = {Programma Il Futuro},
  Url = {https://programmailfuturo.it/}
}

@online{BJC,
  Author = {Berkeley University of California},
  Title = {The Beauty and the Joy of Computing},
  Url = {https://bjc.berkeley.edu/}
}

@online{MichaelLodi,
  Author = {Michael Lodi},
  Title = {lodi.ml},
  Url = {https://lodi.ml/}
}

@online{EnricoNardelli,
  Author = {Enrico Nardelli},
  Title = {Enrico Nardelli},
  Url = {https://www.mat.uniroma2.it/~nardelli/}
}